<record><leader>00000cas a22000007a 4500</leader><controlfield tag="001">38245062</controlfield><controlfield tag="008">980122u1920uuuumeuwr ne      0    0eng d</controlfield><datafield ind1=" " ind2=" " tag="010"><subfield code="a">sn 97069015 </subfield></datafield><datafield ind1=" " ind2=" " tag="040"><subfield code="a">MBN</subfield><subfield code="b">eng</subfield><subfield code="c">MBN</subfield><subfield code="d">OCLCQ</subfield><subfield code="d">OCLCF</subfield><subfield code="d">OCLCO</subfield></datafield><datafield ind1="1" ind2=" " tag="029"><subfield code="a">AU@</subfield><subfield code="b">000013708228</subfield></datafield><datafield ind1=" " ind2=" " tag="042"><subfield code="a">msc</subfield></datafield><datafield ind1=" " ind2=" " tag="043"><subfield code="a">n-us-me</subfield></datafield><datafield ind1="0" ind2=" " tag="130"><subfield code="a">Union-Republican (Machias, Me.)</subfield></datafield><datafield ind1="1" ind2="4" tag="245"><subfield code="a">The Union-republican.</subfield></datafield><datafield ind1=" " ind2=" " tag="260"><subfield code="a">Machias, Me. :</subfield><subfield code="b">Union Pub. Corp.</subfield></datafield><datafield ind1=" " ind2=" " tag="300"><subfield code="a">v.</subfield></datafield><datafield ind1=" " ind2=" " tag="310"><subfield code="a">Weekly</subfield></datafield><datafield ind1="0" ind2=" " tag="362"><subfield code="a">Vol. 1, no. 1 (July 8, 1920)-</subfield></datafield><datafield ind1=" " ind2=" " tag="500"><subfield code="a">A temperance paper.</subfield></datafield><datafield ind1=" " ind2=" " tag="580"><subfield code="a">Formed by the union of: Machias republican, and: Machias union.</subfield></datafield><datafield ind1=" " ind2="0" tag="651"><subfield code="a">Machias (Me.)</subfield><subfield code="v">Newspapers.</subfield></datafield><datafield ind1=" " ind2="7" tag="655"><subfield code="a">Newspapers.</subfield><subfield code="2">fast</subfield><subfield code="0">(OCoLC)fst01423814</subfield></datafield><datafield ind1=" " ind2="7" tag="651"><subfield code="a">Maine</subfield><subfield code="z">Machias.</subfield><subfield code="2">fast</subfield><subfield code="0">(OCoLC)fst01213478</subfield></datafield><datafield ind1=" " ind2=" " tag="752"><subfield code="a">United States</subfield><subfield code="b">Maine</subfield><subfield code="c">Washington</subfield><subfield code="d">Machias.</subfield></datafield><datafield ind1="1" ind2="4" tag="780"><subfield code="t">Machias republican</subfield><subfield code="w">(DLC)sn 84022498</subfield></datafield><datafield ind1="1" ind2="4" tag="780"><subfield code="t">Machias union</subfield><subfield code="w">(DLC)sn 84025747</subfield></datafield></record>